% Encoding: UTF8

@BOOK{Kohonen2001,
	author = {Teuvo Kohonen},
	title = {Self-organized maps},
	publisher = {Springer-Verlag},
	year = 2001
}

@BOOK{vanderSmagt1996,
	author = {Patrick van der Smagt},
	title = {An introduction to Neural Networks},
	publisher = {The Amsterdam University},
	year = 1996
}